<record><leader>00000cas a22000007a 4500</leader><controlfield tag="001">19496177</controlfield><controlfield tag="008">890405d18891899laudn ne      0    0ger d</controlfield><datafield ind1=" " ind2=" " tag="010"><subfield code="a">sn 89059098 </subfield></datafield><datafield ind1=" " ind2=" " tag="040"><subfield code="a">LNP</subfield><subfield code="b">eng</subfield><subfield code="c">LNP</subfield><subfield code="d">OCLCQ</subfield></datafield><datafield ind1=" " ind2=" " tag="042"><subfield code="a">msc</subfield></datafield><datafield ind1="0" ind2=" " tag="130"><subfield code="a">New Orleans deutsche Zeitung (New Orleans, La. : Daily)</subfield></datafield><datafield ind1="1" ind2="0" tag="245"><subfield code="a">New Orleans deutsche Zeitung.</subfield></datafield><datafield ind1=" " ind2=" " tag="260"><subfield code="a">New Orleans [La.] :</subfield><subfield code="b">J. Hassinger</subfield></datafield><datafield ind1=" " ind2=" " tag="300"><subfield code="a">v.</subfield></datafield><datafield ind1=" " ind2=" " tag="310"><subfield code="a">Daily (except Mon.)</subfield></datafield><datafield ind1="1" ind2=" " tag="362"><subfield code="a">Began in 1889?</subfield></datafield><datafield ind1="0" ind2=" " tag="362"><subfield code="a">-Jahrg. 51, no. 35 (30 Apr. 1899).</subfield></datafield><datafield ind1=" " ind2=" " tag="588"><subfield code="a">Description based on: Jahrlich 42, no. 11,618 (3 Sept. 1889).</subfield></datafield><datafield ind1=" " ind2=" " tag="752"><subfield code="a">United States</subfield><subfield code="b">Louisiana</subfield><subfield code="c">Orleans</subfield><subfield code="d">New Orleans.</subfield></datafield><datafield ind1="0" ind2="0" tag="780"><subfield code="t">Ta&#776;gliche deutsche Zeitung (New Orleans, La. : 1877)</subfield><subfield code="w">(DLC)sn 89059097</subfield></datafield><datafield ind1="0" ind2="0" tag="785"><subfield code="t">New Orleanser deutsche Zeitung (New Orleans, La. : Daily)</subfield><subfield code="w">(DLC)sn 89059099</subfield></datafield><datafield ind1="1" ind2=" " tag="029"><subfield code="a">AU@</subfield><subfield code="b">000025905421</subfield></datafield></record>